@InProceedings{ Artho04,
	author = "Cyrille Artho and Klaus Havelund and Armin Biere",
	title = "Using Block-Local Atomicity to Detect Stale-Value Concurrency Errors",
	booktitle = "ATVA",
	year = "2004",
	pages = "150--164",
	crossref = "DBLP:conf/atva/2004",
	bibsource = "DBLP, http://dblp.uni-trier.de",
	ee = "http://springerlink.metapress.com/openurl.asp?genre=article{\&}issn=0302-9743{\&}volume=3299{\&}spage=150"
}

@InProceedings{ Shavit95,
	author = "Nir Shavit and Dan Touitou",
	title = "Software transactional memory",
	booktitle = "PODC '95: Proceedings of the fourteenth annual ACM symposium on Principles of distributed computing",
	year = "1995",
	isbn = "0-89791-710-3",
	pages = "204--213",
	location = "Ottowa, Ontario, Canada",
	doi = "http://doi.acm.org/10.1145/224964.224987",
	publisher = "ACM",
	address = "New York, NY, USA"
}

@Book{ Silberschatz06,
	author = "Abraham Silberschatz and Henry F. Korth and S. Sudarshan",
	title = "Database System Concepts",
	publisher = "McGraw-Hill",
	year = "2006",
	edition = "Fifth",
	isbn = "007-124476-X"
}

@Book{ Elmasri2000,
	author = "Ramez Elmasri and Shamkant B. Navathe",
	title = "Fundamentals of Database Systems",
	publisher = "Addison Wesley",
	year = "2000"
}

@Book{ Moss85,
	author = "J. Eliot B. Moss",
	title = "Nested transactions: an approach to reliable distributed computing",
	year = "1985",
	isbn = "0-262-13200-1",
	publisher = "Massachusetts Institute of Technology",
	address = "Cambridge, MA, USA"
}

@PhDThesis{ Moss81,
	author = "J. Eliot B. Moss",
	title = "Nested transactions: an approach to reliable distributed computing",
	school = "Massachusetts Institute of Technology",
	year = "1981",
	month = "April",
	file = "MIT-LCS-TR-260.pdf"
}

@InProceedings{ Haerder87,
	author = "Theo Haerder and Kurt Rothermel",
	title = "Concepts for transaction recovery in nested transactions",
	booktitle = "SIGMOD '87: Proceedings of the 1987 ACM SIGMOD international conference on Management of data",
	year = "1987",
	isbn = "0-89791-236-5",
	pages = "239--248",
	location = "San Francisco, California, United States",
	doi = "http://doi.acm.org/10.1145/38713.38741",
	publisher = "ACM",
	address = "New York, NY, USA",
	file = "nestedT.pdf"
}

@Article{ Haerder83,
	author = "Theo Haerder and Andreas Reuter",
	title = "Principles of transaction-oriented database recovery",
	journal = "ACM Comput. Surv.",
	volume = "15",
	number = "4",
	year = "1983",
	issn = "0360-0300",
	pages = "287--317",
	doi = "http://doi.acm.org/10.1145/289.291",
	publisher = "ACM",
	address = "New York, NY, USA",
	file = "p287-haerder\_database\_recovery.pdf"
}

@Article{ Moss06,
	author = "J. Eliot B. Moss and Antony L. Hosking",
	title = "Nested transactional memory: model and architecture sketches",
	journal = "Sci. Comput. Program.",
	volume = "63",
	number = "2",
	year = "2006",
	issn = "0167-6423",
	pages = "186--201",
	doi = "http://dx.doi.org/10.1016/j.scico.2006.05.010",
	publisher = "Elsevier North-Holland, Inc.",
	address = "Amsterdam, The Netherlands, The Netherlands"
}

@InProceedings{ Moss206,
	author = "J. E. B. Moss",
	title = "Open Nested Transactions: Semantics and Support",
	LONGbooktitle = "Workshop on Memory Performance Issues",
	booktitle = "WMPI",
	month = "February",
	year = "2006",
	address = "Austin, TX"
}

@InProceedings{ Agrawal06,
	author = "Kunal Agrawal and Charles E. Leiserson and Jim Sukha",
	title = "Memory models for open-nested transactions",
	booktitle = "MSPC '06: Proceedings of the 2006 workshop on Memory system performance and correctness",
	year = "2006",
	isbn = "1-59593-578-9",
	pages = "70--81",
	location = "San Jose, California",
	doi = "http://doi.acm.org/10.1145/1178597.1178610",
	publisher = "ACM",
	address = "New York, NY, USA"
}

@Article{ Gray78,
	Author = "Jim Gray",
	Journal = "Operating Systems",
	Pages = "393--481",
	Title = "Notes on data base operating systems",
	Url = "http://dx.doi.org/10.1007/3-540-08755-9_9",
	Publisher = "Springer Berlin / Heidelberg",
	Year = "1978"
}

@InProceedings{ Gray81,
	author = "Jim Gray",
	title = "The transaction concept: virtues and limitations (invited paper)",
	booktitle = "VLDB '1981: Proceedings of the seventh international conference on Very Large Data Bases",
	year = "1981",
	pages = "144--154",
	location = "Cannes, France",
	publisher = "VLDB Endowment",
	file = "theTransactionConcept.pdf"
}

@Book{ Gray92,
	author = "Jim Gray and Andreas Reuter",
	title = "Transaction Processing: Concepts and Techniques",
	year = "1992",
	isbn = "1558601902",
	publisher = "Morgan Kaufmann Publishers Inc.",
	address = "San Francisco, CA, USA"
}

@InProceedings{ Saha06,
	author = "Bratin Saha and Ali-Reza Adl-Tabatabai and Richard L. Hudson and Chi Cao Minh and Benjamin Hertzberg",
	title = "McRT-STM: a high performance software transactional memory system for a multi-core runtime",
	booktitle = "PPoPP '06: Proceedings of the eleventh ACM SIGPLAN symposium on Principles and practice of parallel programming",
	year = "2006",
	isbn = "1-59593-189-9",
	pages = "187--197",
	location = "New York, New York, USA",
	doi = "http://doi.acm.org/10.1145/1122971.1123001",
	publisher = "ACM",
	address = "New York, NY, USA"
}

@Article{ Fraser07,
	author = "Keir Fraser and Tim Harris",
	title = "Concurrent programming without locks",
	journal = "ACM Trans. Comput. Syst.",
	volume = "25",
	number = "2",
	year = "2007",
	issn = "0734-2071",
	pages = "5",
	doi = "http://doi.acm.org/10.1145/1233307.1233309",
	publisher = "ACM",
	address = "New York, NY, USA",
	file = "cpwl-submision.pdf"
}

@InProceedings{ Herlihy06,
	author = "Maurice Herlihy and Victor Luchangco and Mark Moir",
	title = "A flexible framework for implementing software transactional memory",
	booktitle = "OOPSLA '06: Proceedings of the 21st annual ACM SIGPLAN conference on Object-oriented programming systems, languages, and applications",
	year = "2006",
	isbn = "1-59593-348-4",
	pages = "253--262",
	location = "Portland, Oregon, USA",
	doi = "http://doi.acm.org/10.1145/1167473.1167495",
	publisher = "ACM",
	address = "New York, NY, USA",
	file = "p253-herlihy.pdf"
}

@InProceedings{ Herlihy03,
	author = "Maurice Herlihy and Victor Luchangco and Mark Moir and III {William N. Scherer}",
	title = "Software transactional memory for dynamic-sized data structures",
	booktitle = "PODC '03: Proceedings of the twenty-second annual symposium on Principles of distributed computing",
	year = "2003",
	isbn = "1-58113-708-7",
	pages = "92--101",
	location = "Boston, Massachusetts",
	doi = "http://doi.acm.org/10.1145/872035.872048",
	publisher = "ACM",
	address = "New York, NY, USA",
	file = "PODC03.pdf"
}

@InProceedings{ Herlihy93,
	author = "Maurice Herlihy and J. Eliot B. Moss",
	title = "Transactional memory: architectural support for lock-free data structures",
	booktitle = "ISCA '93: Proceedings of the 20th annual international symposium on Computer architecture",
	year = "1993",
	isbn = "0-8186-3810-9",
	pages = "289--300",
	location = "San Diego, California, United States",
	doi = "http://doi.acm.org/10.1145/165123.165164",
	publisher = "ACM",
	address = "New York, NY, USA",
	file = "p289-herlihy.pdf"
}

@Article{ Kung81,
	author = "H. T. Kung and John T. Robinson",
	title = "On optimistic methods for concurrency control",
	journal = "ACM Trans. Database Syst.",
	volume = "6",
	number = "2",
	year = "1981",
	issn = "0362-5915",
	pages = "213--226",
	doi = "http://doi.acm.org/10.1145/319566.319567",
	publisher = "ACM",
	address = "New York, NY, USA",
	file = "kung\_optimistic\_concurrency\_control.pdf"
}

@Article{ Rosenkrantz78,
	author = "Daniel J. Rosenkrantz and Richard E. Stearns and II {Philip M. Lewis}",
	title = "System level concurrency control for distributed database systems",
	journal = "ACM Trans. Database Syst.",
	volume = "3",
	number = "2",
	year = "1978",
	issn = "0362-5915",
	pages = "178--198",
	doi = "http://doi.acm.org/10.1145/320251.320260",
	publisher = "ACM",
	address = "New York, NY, USA",
	file = "p178-rosenkrantz.pdf"
}

@Article{ Barghouti91,
	author = "Naser S. Barghouti and Gail E. Kaiser",
	title = "Concurrency control in advanced database applications",
	journal = "ACM Comput. Surv.",
	volume = "23",
	number = "3",
	year = "1991",
	issn = "0360-0300",
	pages = "269--317",
	doi = "http://doi.acm.org/10.1145/116873.116875",
	publisher = "ACM",
	address = "New York, NY, USA",
	file = "p269-barghouti\_concurrency\_control\_approaches.pdf"
}

@Article{ Eswaran76,
	author = "K. P. Eswaran and J. N. Gray and R. A. Lorie and I. L. Traiger",
	title = "The notions of consistency and predicate locks in a database system",
	journal = "Commun. ACM",
	volume = "19",
	number = "11",
	year = "1976",
	issn = "0001-0782",
	pages = "624--633",
	doi = "http://doi.acm.org/10.1145/360363.360369",
	publisher = "ACM",
	address = "New York, NY, USA",
	file = "NotionsOfConsistency.pdf"
}

@InProceedings{ Dice07,
	author = "Dave Dice and Nir Shavit",
	title = "Understanding Tradeoffs in Software Transactional Memory",
	booktitle = "CGO '07: Proceedings of the International Symposium on Code Generation and Optimization",
	year = "2007",
	isbn = "0-7695-2764-7",
	pages = "21--33",
	doi = "http://dx.doi.org/10.1109/CGO.2007.38",
	publisher = "IEEE Computer Society",
	address = "Washington, DC, USA",
	file = "27640021.pdf"
}

@InProceedings{ Berenson95,
	author = "Hal Berenson and Phil Bernstein and Jim Gray and Jim Melton and Elizabeth O'Neil and Patrick O'Neil",
	title = "A critique of ANSI SQL isolation levels",
	booktitle = "SIGMOD '95: Proceedings of the 1995 ACM SIGMOD international conference on Management of data",
	year = "1995",
	isbn = "0-89791-731-6",
	pages = "1--10",
	location = "San Jose, California, United States",
	doi = "http://doi.acm.org/10.1145/223784.223785",
	publisher = "ACM",
	address = "New York, NY, USA",
	file = "p1-berenson\_isolation\_levels.pdf"
}

@Misc{ Oracle,
	title = "Oracle Database Management System",
	note = "\url{http://www.oracle.com}",
	key = "Oracle"
}

@Misc{ Postgres,
	title = "PostgreSQL Database Management System",
	note = "\url{http://www.postgresql.com}",
	key = "PostgreSQL"
}

@Misc{ Mysql,
	title = "MySQL Database Management System",
	note = "\url{http://www.mysql.com}",
	key = "MySQL"
}

@Misc{ DB2,
	title = "DB2 Database Management System",
	note = "\url{http://www.ibm.com/DB2}",
	key = "DB2"
}

@Misc{ JOTM,
	title = "DB2 Database Management System",
	note = "\url{http://jotm.objectweb.org}",
	key = "JOTM"
}

@InProceedings{ Harris05,
	author = "Tim Harris and Simon Marlow and Simon Peyton-Jones and Maurice Herlihy",
	title = "Composable memory transactions",
	booktitle = "PPoPP '05: Proceedings of the tenth ACM SIGPLAN symposium on Principles and practice of parallel programming",
	year = "2005",
	isbn = "1-59593-080-9",
	pages = "48--60",
	location = "Chicago, IL, USA",
	doi = "http://doi.acm.org/10.1145/1065944.1065952",
	publisher = "ACM",
	address = "New York, NY, USA",
	file = "p48-harris.pdf"
}

@InProceedings{ Harris03,
	author = "Tim Harris and Keir Fraser",
	title = "Language support for lightweight transactions",
	booktitle = "OOPSLA '03: Proceedings of the 18th annual ACM SIGPLAN conference on Object-oriented programing, systems, languages, and applications",
	year = "2003",
	isbn = "1-58113-712-5",
	pages = "388--402",
	location = "Anaheim, California, USA",
	doi = "http://doi.acm.org/10.1145/949305.949340",
	publisher = "ACM",
	address = "New York, NY, USA",
	file = "p388-harris.pdf"
}

@Article{ Harris05-2,
	author = "Tim Harris",
	title = "Exceptions and side-effects in atomic blocks",
	journal = "Sci. Comput. Program.",
	volume = "58",
	number = "3",
	year = "2005",
	issn = "0167-6423",
	pages = "325--343",
	doi = "http://dx.doi.org/10.1016/j.scico.2005.03.005",
	publisher = "Elsevier North-Holland, Inc.",
	address = "Amsterdam, The Netherlands, The Netherlands",
	file = "2004-csjp.pdf"
}

@TechReport{ Harris03-2,
	author = "Tim Harris",
	title = "Design Choices For Language-Based Transactions",
	institution = "UCAM-CL-TR",
	year = "2003",
	month = "August",
	file = "UCAM-CL-TR-572.pdf"
}

@InProceedings{ Abadi08,
	author = "Martin Abadi and Andrew Birrell and Tim Harris and Michael Isard",
	title = "Semantics of Transactional Memory and Automatic Mutual Exclusion",
	booktitle = "PPoPP '08: Proceedings of ACM SIGPLAN symposium on Principles and practice of parallel programming",
	year = "2008",
	isbn = "1-59593-689-9",
	location = "San Francisco, California, USA",
	doi = "http://research.microsoft.com/~tharris/papers/2008-popl.pdf",
	publisher = "ACM",
	address = "New York, NY, USA",
	file = "2008-popl.pdf"
}

@InProceedings{ Scott06,
	author = "Michael L. Scott",
	title = "Sequential Specification of Transactional Memory Semantics",
	booktitle = "Workshop on Languages, Compilers, and Hardware Support for Transactional Computing (TRANSACT)",
	year = "2006",
	month = "June",
	file = "2006\_TRANSACT\_formal\_STM.pdf"
}

@Article{ Martin06,
	author = "Milo Martin and Colin Blundell and E. Lewis",
	title = "Subtleties of Transactional Memory Atomicity Semantics",
	journal = "IEEE Computer Architecture Letters",
	volume = "5",
	number = "2",
	year = "2006",
	issn = "1556-6056",
	doi = "http://doi.ieeecomputersociety.org/10.1109/L-CA.2006.18",
	publisher = "IEEE Computer Society",
	address = "Los Alamitos, CA, USA",
	file = "cal06.pdf"
}

@TechReport{ Blundell06,
	author = "Colin Blundell and E Christopher Lewis and Milo M. K. Martin",
	title = "Unrestricted Transactional Memory: Supporting I/O and System Calls within Transactions",
	institution = "Department of Computer and Information Science, University of Pennsylvania",
	number = "CIS-06-09",
	type = "Technical Report",
	month = "Apr",
	year = "2006",
	pdf = "http://www.cis.upenn.edu/keclewis/papers/tr06\\\\\\\\\\\\\\\\\\\\_unrestricted\\\\\\\\\\\\\\\\\\\\_transactions.pdf",
	file = "tr06\_unrestricted\_transactions\_IO\_STM.pdf"
}

@InProceedings{ Spear07,
	author = "Michael F. Spear and Virendra J. Marathe and Luke Dalessandro and Michael L. Scott",
	title = "Privatization techniques for software transactional memory",
	booktitle = "PODC '07: Proceedings of the twenty-sixth annual ACM symposium on Principles of distributed computing",
	year = "2007",
	isbn = "978-1-59593-616-5",
	pages = "338--339",
	location = "Portland, Oregon, USA",
	doi = "http://doi.acm.org/10.1145/1281100.1281161",
	publisher = "ACM",
	address = "New York, NY, USA",
	file = "p338-spear.pdf"
}

@InProceedings{ Harris06,
	author = "Tim Harris and Mark Plesko and Avraham Shinnar and David Tarditi",
	title = "Optimizing memory transactions",
	booktitle = "PLDI '06: Proceedings of the 2006 ACM SIGPLAN conference on Programming language design and implementation",
	year = "2006",
	isbn = "1-59593-320-4",
	pages = "14--25",
	location = "Ottawa, Ontario, Canada",
	doi = "http://doi.acm.org/10.1145/1133981.1133984",
	publisher = "ACM",
	address = "New York, NY, USA",
	file = "p14-harris.pdf"
}

@Article{ Carlstrom06,
	author = "Brian D. Carlstrom and Austen McDonald and Hassan Chafi and JaeWoong Chung and Chi Cao Minh and Christos Kozyrakis and Kunle Olukotun",
	title = "The Atomos transactional programming language",
	journal = "SIGPLAN Not.",
	volume = "41",
	number = "6",
	year = "2006",
	issn = "0362-1340",
	pages = "1--13",
	doi = "http://doi.acm.org/10.1145/1133255.1133983",
	publisher = "ACM",
	address = "New York, NY, USA",
	file = "tcc\_pldi2006\_atomos\_stm.pdf"
}

@InProceedings{ Dice06,
	author = "Dave Dice and Ori Shalev and Nir Shavit",
	title = "Transactional Locking II",
	booktitle = " Distributed Computing",
	pages = "194--208",
	year = "2006",
	volume = "4167",
	month = "October",
	publisher = "Springer Berlin / Heidelberg",
	location = "Stockholm, Sweden"
}

@Article{ Cachopo06,
	author = "Jo{\~a}o Cachopo and Ant{\'o}nio Rito-Silva",
	title = "Versioned boxes as the basis for memory transactions",
	journal = "Sci. Comput. Program.",
	volume = "63",
	number = "2",
	year = "2006",
	issn = "0167-6423",
	pages = "172--185",
	doi = "http://dx.doi.org/10.1016/j.scico.2006.05.009",
	publisher = "Elsevier North-Holland, Inc.",
	address = "Amsterdam, The Netherlands, The Netherlands",
	file = "cachopo-scool2005.pdf"
}

@InProceedings{ Lourenco07,
	author = "Jo{\~a}o Louren\c{c}o and Gon\c{c}alo Cunha",
	title = "Testing patterns for software transactional memory engines",
	booktitle = "PADTAD '07: Proceedings of the 2007 ACM workshop on Parallel and distributed systems: testing and debugging",
	year = "2007",
	isbn = "978-1-59593-748-3",
	pages = "36--42",
	location = "London, United Kingdom",
	doi = "http://doi.acm.org/10.1145/1273647.1273655",
	publisher = "ACM",
	address = "New York, NY, USA",
	file = "p36-lourenco.pdf"
}

@MastersThesis{ Cunha07,
	author = "Gon\c{c}alo Cunha",
	title = "Consistent State Software Transactional Memory",
	school = "Universidade Nova de Lisboa",
	year = "2007",
	month = "November",
	file = "tese\_2007\_09\_08.pdf"
}

@PhDThesis{ Cachopo07,
	author = "Jo{\~a}o Cachopo",
	title = "Development of Rich Domain Models with Atomic Actions",
	school = "Universidade T{\'e}cnica de Lisboa",
	year = "2007",
	OPTmonth = "Julho",
	file = "cachopo-phd.pdf"
}

@Article{ Harris07,
	title = "Transactional Memory: An Overview",
	author = "T.; Cristal A.; Unsal O.S.; Ayguade E.; Gagliardi F.; Smith B.; Valero M. Harris",
	journal = "IEEE Micro",
	year = "May-June 2007",
	volume = "27",
	number = "3",
	pages = "8--29",
	keywords = "distributed shared memory systems, parallel programming, storage managementmainstream programming, multicore chip multiprocessors, parallel code modification, shared memory systems, transactional memory",
	doi = "10.1109/MM.2007.63",
	ISSN = "0272-1732",
	file = "harris\_TM\_survey.pdf"
}

@Article{ Fekete05,
	author = "Alan Fekete and Dimitrios Liarokapis and Elizabeth O'Neil and Patrick O'Neil and Dennis Shasha",
	title = "Making snapshot isolation serializable",
	journal = "ACM Trans. Database Syst.",
	volume = "30",
	number = "2",
	year = "2005",
	issn = "0362-5915",
	pages = "492--528",
	doi = "http://doi.acm.org/10.1145/1071610.1071615",
	publisher = "ACM",
	address = "New York, NY, USA",
	file = "p492-fekete.pdf"
}

@InProceedings{ Dias08,
	author = "Ricardo Dias and J. M. S. Louren\c{c}o and G. Cunha",
	title = " Developing Libraries Using Software Transactional Memory ",
	booktitle = " Proceedings of CoRTA (Compilers, Related Technologies and Applications) ",
	publisher = " Instituto Polit{\'e}cnico de Bragan\c{c}a - ESTG ",
	year = " 2008 ",
	month = " 07 "
}

@Article{ Beckman08,
	title = "Verifying Correct Usage of Atomic Blocks and Typestate",
	author = "Nels E. Beckman and Kevin Bierhoff and Jonathan Aldrich",
	publisher = "ACM",
	address = "New York, NY, USA",
	journal = "SIGPLAN Not.",
	pages = "227--244",
	volume = "43",
	number = "10",
	year = "2008",
	issn = "0362-1340",
	doi = "http://doi.acm.org/10.1145/1449955.1449783"
}

@Article{ WangStoller03,
	title = "Run-Time Analysis for Atomicity",
	author = "Liqiang Wang and Scott D. Stoller",
	journal = "Electronic Notes in Theoretical Computer Science",
	pages = "191--209",
	volume = "89",
	number = "2",
	year = "2003",
	issn = "1571-0661",
	note = "RV '2003, Run-time Verification (Satellite Workshop of CAV '03)",
	url = "http://www.sciencedirect.com/science/article/B75H1-4DDWKTJ-PR/2/4d5299db79af836547367058a102e934",
	doi = "DOI: 10.1016/S1571-0661(04)81049-1"
}

@InProceedings{ Flanagan04,
	author = "Cormac Flanagan and Stephen N Freund",
	title = "Atomizer: a dynamic atomicity checker for multithreaded programs",
	booktitle = "POPL '04: Proceedings of the 31st ACM SIGPLAN-SIGACT symposium on Principles of programming languages",
	year = "2004",
	isbn = "1-58113-729-X",
	pages = "256--267",
	location = "Venice, Italy",
	doi = "http://doi.acm.org/10.1145/964001.964023",
	publisher = "ACM",
	address = "New York, NY, USA"
}

@Article{ Lipton75,
	author = "Richard J. Lipton",
	title = "Reduction: a method of proving properties of parallel programs",
	journal = "Commun. ACM",
	volume = "18",
	number = "12",
	year = "1975",
	issn = "0001-0782",
	pages = "717--721",
	doi = "http://doi.acm.org/10.1145/361227.361234",
	publisher = "ACM",
	address = "New York, NY, USA"
}

@Misc{ Artho03,
	author = "C. Artho and K. Havelund and A. Biere",
	title = "High-Level Data Races",
	text = "C. Artho, K. Havelund, and A. Biere. High-Level Data Races. In VVEIS'03, The First International Workshop on Verification and Validation of Enterprise Information Systems, April 2003. Angers, France.",
	year = "2003",
	url = "citeseer.ist.psu.edu/artho03highlevel.html"
}

@InProceedings{ Praun03,
	author = "Christoph {von Praun} and Thomas R. Gross",
	title = "Static Detection of Atomicity Violations in Object-Oriented Programs",
	booktitle = "Journal of Object Technology",
	year = "2003",
	pages = "2004"
}

@Proceedings{ DBLP:conf/atva/2004,
	editor = "Farn Wang",
	title = "Automated Technology for Verification and Analysis: Second International Conference, ATVA 2004, Taipei, Taiwan, ROC, October 31-November 3, 2004. Proceedings",
	booktitle = "ATVA",
	publisher = "Springer",
	series = "Lecture Notes in Computer Science",
	volume = "3299",
	year = "2004",
	isbn = "3-540-23610-4",
	bibsource = "DBLP, http://dblp.uni-trier.de"
}

@TechReport{ ibmtecrep,
	title = "Static Datarace Analysis for Multithreaded Object-Oriented Programs",
	author = "Jong-deok Choi and Alexey Loginov and Vivek Sarkar and Alexey Logthor",
	institution = "IBM Research Division, Thomas J. Watson Research Centre",
	year = "2001"
}

@InProceedings{ wstm,
	author = "Tim Harris and Keir Fraser",
	title = "Language support for lightweight transactions",
	booktitle = "OOPSLA '03: Proceedings of the 18th annual ACM SIGPLAN conference on Object-oriented programing, systems, languages, and applications",
	year = "2003",
	isbn = "1-58113-712-5",
	pages = "388--402",
	location = "Anaheim, California, USA",
	doi = "http://doi.acm.org/10.1145/949305.949340",
	publisher = "ACM",
	address = "New York, NY, USA"
}

@InProceedings{ pldi06,
	author = "Ali-Reza Adl-Tabatabai and Brian T. Lewis and Vijay Menon and Brian R. Murphy and Bratin Saha and Tatiana Shpeisman",
	title = "Compiler and runtime support for efficient software transactional memory",
	booktitle = "PLDI '06: Proceedings of the 2006 ACM SIGPLAN conference on Programming language design and implementation",
	year = "2006",
	isbn = "1-59593-320-4",
	pages = "26--37",
	location = "Ottawa, Ontario, Canada",
	doi = "http://doi.acm.org/10.1145/1133981.1133985",
	publisher = "ACM",
	address = "New York, NY, USA"
}

@Article{ choi,
	title = "Efficient and Precise Datarace Detection for Multithreaded Object-Oriented Programs",
	author = "Jong-Deok Choi and Keunwoo Lee and Alexey Loginov and Robert O'Callahan and Vivek Sarkar and Manu Sridharan",
	publisher = "ACM",
	address = "New York, NY, USA",
	journal = "SIGPLAN Not.",
	pages = "258--269",
	volume = "37",
	number = "5",
	year = "2002",
	issn = "0362-1340",
	doi = "http://doi.acm.org/10.1145/543552.512560"
}

@InProceedings{ Blundell05,
	title = "Deconstructing Transactional Semantics: The Subtleties of Atomicity",
	booktitle = "Fourth Annual Workshop on Duplicating, Deconstructing, and Debunking",
	author = "Colin Blundell and E. Christopher Lewis and Milo M. K. Martin",
	month = "June",
	year = "2005"
}

@MastersThesis{ kai,
	title = "Data-Race Detection in Transactions-Everywhere Parallel Programming",
	author = "Kai Huang",
	school = "Massachusetts Institute of Technology",
	month = "June",
	year = "2003",
	url = "http://hdl.handle.net/1721.1/16964"
}

@Book{ tm_morgan,
	author = "James R. Larus and Ravi Rajwar",
	title = "Transactional Memory",
	year = "2006",
	publisher = "Morgan \& Claypool",
	urlpage = "http://www.morganclaypool.com/doi/abs/10.2200/S00070ED1V01Y200611CAC002"
}

@InProceedings{ shavit_touitou,
	author = "Nir Shavit and Dan Touitou",
	title = "Software transactional memory",
	booktitle = "PODC '95: Proceedings of the fourteenth annual ACM symposium on Principles of distributed computing",
	year = "1995",
	isbn = "0-89791-710-3",
	pages = "204--213",
	location = "Ottowa, Ontario, Canada",
	doi = "http://doi.acm.org/10.1145/224964.224987",
	publisher = "ACM",
	address = "New York, NY, USA"
}

@InProceedings{ rose,
	author = "Markus Schordan and Daniel Quinlan",
	title = "A Source-To-Source Architecture for User-Defined Optimizations",
	booktitle = "JMLC'03: Joint Modular Languages Conference",
	series = "Lecture Notes in Computer Science",
	volume = "2789",
	month = aug,
	publisher = "Springer Verlag",
	year = "2003",
	pages = "214--223"
}

@InProceedings{ llvm,
	author = "Chris Lattner and Vikram Adve",
	title = "{LLVM: A Compilation Framework for Lifelong Program Analysis \& Transformation}",
	booktitle = "{Proceedings of the 2004 International Symposium on Code Generation and Optimization (CGO'04)}",
	address = "Palo Alto, California",
	month = "Mar",
	year = "2004"
}

@Proceedings{ DMS,
	author = "Ira D. Pidgeon Christopher Baxter and Michael Mehlich",
	title = "DMS: Program Transformations for Practical Scalable Software Evolution",
	booktitle = "Proceedings of the International Conference on Software Engineering",
	publisher = "IEEE Press",
	year = "2004"
}

@Proceedings{ DMS_boeing,
	author = "R. Baxter I. Mehlich M. Ellis B. Luecke K. Akers",
	title = "Re-engineering C++ Component Models Via Automatic Program Transformation",
	booktitle = "Twelfth Working Conference on Reverse Engineering",
	publisher = "IEEE",
	year = "2005"
}

@InProceedings{ txl,
	author = "James R. Cordy",
	title = "Source transformation, analysis and generation in TXL",
	booktitle = "PEPM '06: Proceedings of the 2006 ACM SIGPLAN symposium on Partial evaluation and semantics-based program manipulation",
	year = "2006",
	isbn = "1-59593-196-1",
	pages = "1--11",
	location = "Charleston, South Carolina",
	doi = "http://doi.acm.org/10.1145/1111542.1111544",
	publisher = "ACM",
	address = "New York, NY, USA"
}

@Article{ asfsdf,
	author = "Mark G. J. {van den Brand} and J. Heering and P. Klint and P. A. Olivier",
	title = "Compiling language definitions: the ASF+SDF compiler",
	journal = "ACM Trans. Program. Lang. Syst.",
	volume = "24",
	number = "4",
	year = "2002",
	issn = "0164-0925",
	pages = "334--368",
	doi = "http://doi.acm.org/10.1145/567097.567099",
	publisher = "ACM",
	address = "New York, NY, USA"
}

@InCollection{ strategoxt,
	author = "Eelco Visser",
	title = "Program Transformation with {Stratego/XT}: Rules, Strategies, Tools, and Systems in {StrategoXT-0.9}",
	booktitle = "Domain-Specific Program Generation",
	pages = "216--238",
	year = 2004,
	editor = "C. Lengauer and others",
	volume = "3016",
	series = "Lecture Notes in Computer Science",
	month = "June",
	publisher = "Spinger-Verlag",
	url = "http://www.cs.uu.nl/research/techreps/UU-CS-2004-011.html",
	urlpdf = "http://archive.cs.uu.nl/pub/RUU/CS/techreps/CS-2004/2004-011.pdf",
	urlinfo = "http://www.stratego-language.org/Stratego/ProgramTransformationWithStrategoXT",
	urlspringer = "http://www.springerlink.com/index/MY9WE5TJ86U2F59N",
	pubcat = "conference",
	project = "Stratego and XT",
	category = "key and refereed"
}

@Article{ flanagan_qadeer_03,
	title = "A Type and Effect System for Atomicity",
	author = "Cormac Flanagan and Shaz Qadeer",
	journal = "PLDI03",
	year = "2003"
}

@InProceedings{ lee-tm,
	title = "Lee-TM: A Non-trivial Benchmark Suite for Transactional Memory",
	booktitle = "ICA3PP '08: Proceedings of the 8th international conference on Algorithms and Architectures for Parallel Processing",
	author = "Mohammad Ansari and Christos Kotselidis and Ian Watson and Chris Kirkham and Mikel Luj{\'a}n and Kim Jarvis",
	publisher = "Springer-Verlag",
	location = "Agia Napa, Cyprus",
	address = "Berlin, Heidelberg",
	pages = "196--207",
	year = "2008",
	isbn = "978-3-540-69500-4",
	doi = "http://dx.doi.org/10.1007/978-3-540-69501-1\\\\\\\\\\\\\\\\_21"
}

@InProceedings{ dstm,
	title = "Software transactional memory for dynamic-sized data structures",
	booktitle = "PODC '03: Proceedings of the twenty-second annual symposium on Principles of distributed computing",
	author = "Maurice Herlihy and Victor Luchangco and Mark Moir and III William N. Scherer",
	publisher = "ACM",
	location = "Boston, Massachusetts",
	address = "New York, NY, USA",
	pages = "92--101",
	year = "2003",
	isbn = "1-58113-708-7",
	doi = "http://doi.acm.org/10.1145/872035.872048"
}

@InProceedings{ scool2005,
	title = "Efficient Object-Based Software Transactions",
	booktitle = "Proceedings, Workshop on Synchronization and Concurrency in Object-Oriented Languages",
	author = "C. Scott Ananian and Martin Rinard",
	address = "San Diego, CA",
	month = "Oct",
	year = "2005",
	note = "In conjunction with OOPSLA'05",
	urlpage = "http://hdl.handle.net/1802/2102"
}

@InProceedings{ mcrt1,
	title = "McRT-STM: a high performance software transactional memory system for a multi-core runtime",
	booktitle = "PPoPP '06: Proceedings of the eleventh ACM SIGPLAN symposium on Principles and practice of parallel programming",
	author = "Bratin Saha and Ali-Reza Adl-Tabatabai and Richard L. Hudson and Chi Cao Minh and Benjamin Hertzberg",
	publisher = "ACM",
	location = "New York, New York, USA",
	address = "New York, NY, USA",
	pages = "187--197",
	year = "2006",
	isbn = "1-59593-189-9",
	doi = "http://doi.acm.org/10.1145/1122971.1123001"
}

@InProceedings{ mcrt2,
	title = "Compiler and runtime support for efficient software transactional memory",
	booktitle = "PLDI '06: Proceedings of the 2006 ACM SIGPLAN conference on Programming language design and implementation",
	author = "Ali-Reza Adl-Tabatabai and Brian T. Lewis and Vijay Menon and Brian R. Murphy and Bratin Saha and Tatiana Shpeisman",
	publisher = "ACM",
	location = "Ottawa, Ontario, Canada",
	address = "New York, NY, USA",
	pages = "26--37",
	year = "2006",
	isbn = "1-59593-320-4",
	doi = "http://doi.acm.org/10.1145/1133981.1133985"
}

@MastersThesis{ lie_msc,
	author = "Sean Lie",
	title = "Hardware Support for Unbounded Transactional Memory",
	school = "Massachusetts Institute of Technology Department of Electrical Engineering and Computer Science",
	year = "2004",
	month = may
}

@InProceedings{ kumar_ppopp06,
	author = "Sanjeev Kumar and Michael Chu and Christopher J. Hughes and Partha Kundu and Anthony Nguyen",
	title = "Hybrid transactional memory",
	booktitle = "PPoPP '06: Proceedings of the eleventh ACM SIGPLAN symposium on Principles and practice of parallel programming",
	year = "2006",
	isbn = "1-59593-189-9",
	pages = "209--220",
	location = "New York, New York, USA",
	doi = "http://doi.acm.org/10.1145/1122971.1123003",
	publisher = "ACM",
	address = "New York, NY, USA"
}

@Article{ chung_common,
	author = "J.W. Chung and H. Chafi and C.C. Minh and A. McDonald and B. Carlstrom and C. Kozyrakis and K. Olukotun",
	title = "The common case transactional behavior of multithreaded programs",
	journal = "High-Performance Computer Architecture, International Symposium on",
	volume = "0",
	year = "2006",
	issn = "1530-0897",
	pages = "266--277",
	doi = "http://doi.ieeecomputersociety.org/10.1109/HPCA.2006.1598135",
	publisher = "IEEE Computer Society",
	address = "Los Alamitos, CA, USA"
}

@Article{ ananian_utm,
	author = "C. Scott Ananian and Krste Asanovic and Bradley C. Kuszmaul and Charles E. Leiserson and Sean Lie",
	title = "Unbounded Transactional Memory",
	journal = "IEEE Micro",
	volume = "26",
	number = "1",
	year = "2006",
	issn = "0272-1732",
	pages = "59--69",
	doi = "http://dx.doi.org/2006-02-17 02:00:03.800",
	publisher = "IEEE Computer Society Press",
	address = "Los Alamitos, CA, USA"
}

@TechReport{ rtm,
	author = "Arrvindh Shriraman and Virendra J. Marathe and Sandhya Dwarkadas and Michael L. Scott and David Eisenstat and Christopher Heriot and William N. Scherer and Iii Michael and F. Spear",
	title = "Hardware Acceleration of Software Transactional Memory",
	institution = "Dept. of Computer Science, Univ. of Rochester",
	year = "2006"
}

@Article{ rjfd,
	title = "Developing Libraries Using Software Transactional Memory",
	author = "Ricardo Dias and Jo{\~a}o Louren\c{c}o and Gon\c{c}alo Cunha",
	journal = "ComSIS",
	volume = "5",
	number = "2",
	month = "December",
	year = "2008"
}

@TechReport{ allen,
	title = "Control Flow Analysis",
	author = "Frances E. Allen",
	institution = "IBM Corporation",
	month = "July",
	year = "1970"
}

@TechReport{ yacc,
	title = "Yacc: Yet Another Compiler-Compiler",
	author = "Stephen C. Johnson",
	institution = "AT\&T Bell Laboratories",
	year = "1979"
}

@InProceedings{ adaptive,
	title = "Adaptive Locks: Combining Transactions and Locks for Efficient Concurrency",
	booktitle = "Parallel Architectures and Compilation Techniques ({PACT})",
	author = "Takayuki Usui and Yannis Smaragdakis and Reimer Behrends and Jacob Evans",
	month = sep,
	year = 2009
}

@MastersThesis{ emanuel,
	title = "Speculative Execution using Transactional Memory",
	author = "Emanuel Couto",
	school = "Universidade Nova de Lisboa",
	year = "2009"
}

@InProceedings{ chord,
	author = "Mayur Naik and Alex Aiken and John Whaley",
	title = "Effective static race detection for Java",
	booktitle = "PLDI",
	year = "2006",
	pages = "308--319",
	publisher = "ACM Press"
}

@Book{ tm,
	title = "Transactional Memory",
	author = "James R. Larus and Ravi Rajwar",
	publisher = "Morgan \& Claypool",
	year = "2006",
	urlpage = "http://www.morganclaypool.com/doi/abs/10.2200/S00070ED1V01Y200611CAC002"
}

@InProceedings{ soot,
	author = "Laurie Hendren Vijay Sundaresan Patrick Lam Etienne Gagnon {Raja Vall{\'e}e-Rai} and Phong Co",
	title = "Soot - a Java Optimization Framework",
	booktitle = "Proceedings of CASCON 1999",
	pages = "125--135",
	year = "1999",
	url = "www.sable.mcgill.ca/publications"
}

@Misc{ allen_web,
	title = "{Eric Allen's Personal Site at Rice University}",
	note = "\url{http://www.cs.rice.edu/~eallen/}"
}

@InProceedings{ byu,
	title = "Clash of the Titans: Tools and Techniques for Hunting Bugs in Concurrent Programs ",
	booktitle = "PADTAD'09",
	author = "Neha Rungta and Eric G. Mercer",
	month = "July",
	year = "2009"
}

@InProceedings{ cbp,
	title = "Concurrent Bug Patterns and How to Test Them",
	booktitle = "IPDPS '03: Proceedings of the 17th International Symposium on Parallel and Distributed Processing",
	author = "Eitan Farchi and Yarden Nir and Shmuel Ur",
	publisher = "IEEE Computer Society",
	address = "Washington, DC, USA",
	pages = "286.2",
	year = "2003",
	isbn = "0-7695-1926-1"
}

@Misc{ dcl,
	note = "\url{http://www.javaworld.com/jw-02-2001/jw-0209-double.html}",
	title = "Double-checked locking: Clever, but broken",
	author = "Brian Goetz"
}

@InProceedings{ dwyer,
	title = "Controlling factors in evaluating path-sensitive error detection techniques",
	booktitle = "SIGSOFT '06/FSE-14: Proceedings of the 14th ACM SIGSOFT international symposium on Foundations of software engineering",
	author = "Matthew B. Dwyer and Suzette Person and Sebastian Elbaum",
	publisher = "ACM",
	location = "Portland, Oregon, USA",
	address = "New York, NY, USA",
	pages = "92--104",
	year = "2006",
	isbn = "1-59593-468-5",
	doi = "http://doi.acm.org/10.1145/1181775.1181787"
}

@Misc{ IBM-Rep,
	title = "{IBM's Concurrency Testing Repository}"
}

@InProceedings{ polyglot,
	author = "Nathaniel Nystrom and Michael R. Clarkson and Andrew C. Myers",
	title = "Polyglot: An Extensible Compiler Framework for Java",
	booktitle = "CC",
	year = "2003",
	pages = "138--152",
	ee = "http://link.springer.de/link/service/series/0558/bibs/2622/26220138.htm"
}

@InProceedings{ leetm,
	author = "Mohammad Ansari and Christos Kotselidis and Kim Jarvis and Mikel Luj{\'a}n and Chris Kirkham and Ian Watson",
	title = "Lee-TM: A Non-trivial Benchmark for Transactional Memory",
	booktitle = "ICA3PP '08: Proceedings of the 7th International Conference on Algorithms and Architectures for Parallel Processing",
	year = "2008",
	month = "June",
	location = "Aiya Napa, Cyprus",
	publisher = "LNCS, Springer"
}

@TechReport{ mylang5,
	title = "Extending Java with Atomic Blocks for Transactional Memory Systems",
	author = "Ricardo Dias",
	institution = "Universidade Nova de Lisboa",
	year = "2008"
}

@Article{ Dinning91,
	title = "Detecting access anomalies in programs with critical sections",
	author = "Anne Dinning and Edith Schonberg",
	publisher = "ACM",
	address = "New York, NY, USA",
	journal = "SIGPLAN Not.",
	pages = "85--96",
	volume = "26",
	number = "12",
	year = "1991",
	issn = "0362-1340",
	doi = "http://doi.acm.org/10.1145/127695.122767"
}

@Article{ Callahan03,
	author = "Robert O'Callahan and Jong-Deok Choi",
	title = "Hybrid dynamic data race detection",
	journal = "SIGPLAN Not.",
	volume = "38",
	number = "10",
	year = "2003",
	issn = "0362-1340",
	pages = "167--178",
	doi = "http://doi.acm.org/10.1145/966049.781528",
	publisher = "ACM",
	address = "New York, NY, USA"
}

@Article{ King72,
	title = "Symbolic execution and program testing",
	author = "James C. King",
	publisher = "ACM",
	address = "New York, NY, USA",
	journal = "Commun. ACM",
	pages = "385--394",
	volume = "19",
	number = "7",
	year = "1976",
	issn = "0001-0782",
	doi = "http://doi.acm.org/10.1145/360248.360252"
}

@Article{ Jones03,
	title = "Abstract Syntax Tree Implementation Idioms ",
	author = "Joel Jones",
	institution = "Department of Computer Science at University of Alabama",
	journal = "Pattern Languages of Program Design",
	year = "2003",
	note = "Proceedings of the 10th Conference on Pattern Languages of Programs (PLoP2003) http://hillside.net/plop/plop2003/papers.html",
	url = "http://hillside.net/plop/plop2003/Papers/Jones-ImplementingASTs.pdf",
	interHash = "8354ebeb83ea5fb769e016686e0e79aa",
	intraHash = "a86095c92a9801ab24d2196d334abe46"
}

@Article{ Baker92,
	author = "Henry G. Baker",
	title = "Inlining semantics for subroutines which are recursive",
	journal = "SIGPLAN Not.",
	volume = "27",
	number = "12",
	year = "1992",
	issn = "0362-1340",
	pages = "39--46",
	doi = "http://doi.acm.org/10.1145/142181.142193",
	publisher = "ACM",
	address = "New York, NY, USA"
}

@TechReport{ dias-tech-09,
	title = "Source-to-Source Java STM Framework Compiler",
	author = "Ricardo Dias",
	institution = "Departamento de Inform{\'a}tica FCT/UNL",
	month = "April",
	year = "2009"
}

@InBook{ Raza06,
	title = "A Review of Race Detection Mechanisms",
	booktitle = "Computer Science -- Theory and Applications",
	series = "Lecture Notes in Computer Science",
	author = "Aoun Raza",
	publisher = "Springer Berlin / Heidelberg",
	pages = "534--543",
	year = "2006",
	abstract = "This survey examines research in the area of race detection tech-niques. Diverse flavors of on-the-fly, ahead-of-time and post-mortem techniques are covered. This survey tries to present advantages and limitations exhibited by different race detection techniques.",
	url = "http://www.springerlink.com/content/4m6444861674847g",
	doi = "10.1007/11753728\_54"
}

@Misc{ cup-java,
	title = "{CUP -- LALR Parser Generator in Java}",
	author = "Scott E. Hudson and Andrea Flexeder and Michael Petter and others",
	note = "Hosted at \url{http://www2.cs.tum.edu/projects/cup}",
	url = "http://www2.cs.tum.edu/projects/cup/"
}

@Misc{ ppg,
	title = "{Polyglot Parser Generator}",
	author = "Michael Brukman and Andrew C. Myers",
	url = "http://www.cs.cornell.edu/projects/polyglot/ppg.html",
	note = "Hosted at \url{http://www.cs.cornell.edu/projects/polyglot/ppg.html}"
}

@InProceedings{ mhp,
	author = "Yao Qi and Raja Das and Zhi Da Luo and Martin Trotter",
	title = "MulticoreSDK: a practical and efficient data race detector for real-world applications",
	booktitle = "PADTAD '09: Proceedings of the 7th Workshop on Parallel and Distributed Systems",
	year = "2009",
	isbn = "978-1-60558-655-7",
	pages = "1--11",
	location = "Chicago, Illinois",
	doi = "http://doi.acm.org/10.1145/1639622.1639627",
	publisher = "ACM",
	address = "New York, NY, USA"
}

@Article{ Lamport78,
	title = "Time, clocks, and the ordering of events in a distributed system",
	author = "Leslie Lamport",
	publisher = "ACM",
	address = "New York, NY, USA",
	journal = "Commun. ACM",
	pages = "558--565",
	volume = "21",
	number = "7",
	year = "1978",
	issn = "0001-0782",
	doi = "http://doi.acm.org/10.1145/359545.359563"
}

@InProceedings{ warlock,
	title = "Warlock: A static data race analysis tool",
	booktitle = "Winter USENIX",
	author = "Nicholas Sterling",
	address = "San Diego, California",
	pages = "97--106",
	month = "January",
	year = "1993",
	keywords = "bibtex-import",
	citeulike-article-id = "1123991",
	posted-at = "2007-02-26 22:16:47",
	priority = "0"
}

@Misc{ lock_lint,
	title = "Lock\_Lint -- Static data race and deadlock detection tool for C",
	note = "\url{http://developers.sun.com/solaris/articles/locklint.html}"
}

@Article{ racerx,
	title = "RacerX: effective, static detection of race conditions and deadlocks",
	author = "Dawson Engler and Ken Ashcraft",
	publisher = "ACM",
	address = "New York, NY, USA",
	journal = "SIGOPS Oper. Syst. Rev.",
	pages = "237--252",
	volume = "37",
	number = "5",
	year = "2003",
	issn = "0163-5980",
	doi = "http://doi.acm.org/10.1145/1165389.945468"
}

@InProceedings{ relay,
	title = "RELAY: static race detection on millions of lines of code",
	booktitle = "ESEC-FSE '07: Proceedings of the the 6th joint meeting of the European software engineering conference and the ACM SIGSOFT symposium on The foundations of software engineering",
	author = "Jan Wen Voung and Ranjit Jhala and Sorin Lerner",
	publisher = "ACM",
	location = "Dubrovnik, Croatia",
	address = "New York, NY, USA",
	pages = "205--214",
	year = "2007",
	isbn = "978-1-59593-811-4",
	doi = "http://doi.acm.org/10.1145/1287624.1287654"
}

@Article{ racetrack,
	title = "RaceTrack: efficient detection of data race conditions via adaptive tracking",
	author = "Yuan Yu and Tom Rodeheffer and Wei Chen",
	publisher = "ACM",
	address = "New York, NY, USA",
	journal = "SIGOPS Oper. Syst. Rev.",
	pages = "221--234",
	volume = "39",
	number = "5",
	year = "2005",
	issn = "0163-5980",
	doi = "http://doi.acm.org/10.1145/1095809.1095832"
}

@Article{ eraser,
	title = "Eraser: a dynamic data race detector for multithreaded programs",
	author = "Stefan Savage and Michael Burrows and Greg Nelson and Patrick Sobalvarro and Thomas Anderson",
	publisher = "ACM",
	address = "New York, NY, USA",
	journal = "ACM Trans. Comput. Syst.",
	pages = "391--411",
	volume = "15",
	number = "4",
	year = "1997",
	issn = "0734-2071",
	doi = "http://doi.acm.org/10.1145/265924.265927"
}

@Article{ Flanagan00,
	title = "{Type-based race detection for Java}",
	author = "Cormac Flanagan and Stephen N. Freund",
	publisher = "ACM",
	address = "New York, NY, USA",
	journal = "SIGPLAN Not.",
	pages = "219--232",
	volume = "35",
	number = "5",
	year = "2000",
	issn = "0362-1340",
	doi = "http://doi.acm.org/10.1145/358438.349328"
}

@InProceedings{ escjava2,
	title = "ESC/Java2: Uniting ESC/Java and JML - Progress and issues in building and using ESC/Java2",
	booktitle = "In Construction and Analysis of Safe, Secure and Interoperable Smart Devices: International Workshop, CASSIS 2004",
	author = "David R. Cok and Joseph R. Kiniry",
	publisher = "Springer--Verlag",
	year = "2004"
}

@Article{ Nielson03,
	title = "A type and effect system for atomicity",
	author = "Cormac Flanagan and Shaz Qadeer",
	publisher = "ACM",
	address = "New York, NY, USA",
	journal = "SIGPLAN Not.",
	pages = "338--349",
	volume = "38",
	number = "5",
	year = "2003",
	issn = "0362-1340",
	doi = "http://doi.acm.org/10.1145/780822.781169"
}

@MastersThesis{ Lattner:MSThesis02,
	author = "Chris Lattner",
	title = "{LLVM: An Infrastructure for Multi-Stage Optimization}",
	school = "{Computer Science Dept., University of Illinois at Urbana-Champaign}",
	year = "2002",
	address = "Urbana, IL",
	month = "Dec",
	note = "{\em See {\tt http://llvm.cs.uiuc.edu}.}"
}

